@misc{MNISTDatabase,
    author = {Yann LeCun and Corinna Cortes and Christopher J.C. Burges},
    title = {THE MNIST DATABASE of handwritten digits},
    url = {http://yann.lecun.com/exdb/mnist/},
}

@misc{KDWiki,
	title = {KD Tree Wikipedia},
	url = {https://en.wikipedia.org/wiki/K-d\_tree},
}

@article{FathiMazinani,
    author = {Kazem Fathi, Sayyed Majid Mazinani},
    title = {Combining KNN and Decision Tree Algorithms to Improve Intrusion Detection System Performance },
    journal = {Recent Advances in Communications },
    pages = {252--256},
    url = {http://www.inase.org/library/2015/zakynthos/bypaper/COMMUN/COMMUN-39.pdf},
}
@article{FathiMazinani,
    author = {Yuhua Qian, Hang Xu, Jiye Liang, Bing Liu, Jieting Wang},
    title = {Fusing Monotonic Decision Trees },
    journal = {IEEE TRANSACTIONS ON KNOWLEDGE AND DATA ENGINEERING},
	issue_date = {October 2015},
    volume = {27},
    number = {10},
	month = oct,
    year = {2015},
    pages = {252--256},
    url = {http://www.inase.org/library/2015/zakynthos/bypaper/COMMUN/COMMUN-39.pdf},
}
@article{lecun1998gradient,
  title={Gradient-based learning applied to document recognition},
  author={LeCun, Yann and Bottou, L{\'e}on and Bengio, Yoshua and Haffner, Patrick},
  journal={Proceedings of the IEEE},
  volume={86},
  number={11},
  pages={2278--2324},
  year={1998},
  publisher={IEEE}
}
@article{quinlan1996improved,
  title={Improved use of continuous attributes in C4. 5},
  author={Quinlan, J Ross},
  journal={Journal of artificial intelligence research},
  volume={4},
  pages={77--90},
  year={1996}
}
@article{martinezk,
  title={K Nearest Neighbor Edition to Guide Classification Tree Learning},
  author={Mart{\i}nez-Otzeta, JM and Sierra, B and Lazkano, E and Astigarraga, A},
  publisher={Citeseer}
}
@article{campillo2013improving,
  title={Improving case-based reasoning systems by combining K-nearest neighbour algorithm with logistic regression in the prediction of patientsâ€™ registration on the renal transplant waiting list},
  author={Campillo-Gimenez, Boris and Jouini, Wassim and Bayat, Sahar and Cuggia, Marc},
  journal={PloS one},
  volume={8},
  number={9},
  pages={e71991},
  year={2013},
  publisher={Public Library of Science}
}
